@MISC{DriverlessCar,
  author = {Lauren Keating},
  title = {The Driverless Car Debate: How Safe Are Autonomous Vehicles?},
  year = {2015},
  howpublished = {\url{http://www.techtimes.com/articles/67253/20150728/driverless-cars-safe.html}}
 }

@MISC{NHTSA,
  author = {NHTSA},
  title = {Federal Automated Vehicles Policy },
  year = {2016},
  howpublished = {\url{https://www.transportation.gov/AV/federal-automated-vehicles-policy-september-2016}}
 }
 
@MISC{ElonMusk,
  author = {Jerry Hirsch},
  title = {Elon Musk: Model S not a car but a 'sophisticated computer on wheels'},
  year = {2015},
  howpublished = {\url{http://www.latimes.com/business/autos/la-fi-hy-musk-computer-on-wheels-20150319-story.html}}
 }

@MISC{Motorref,
  author = {},
  title = {Motor and Chassie information},
  year = {},
  howpublished = {\url{https://elektronik-lavpris.dk/p129700/robo0002-smart-robot-car-chassis-kit-with-speed-encoder-and-battery-box/}}
 }

@MISC{SpeedSensor,
  author = {},
  title = {Speed sensor information},
  year = {},
  howpublished = {\url{http://www.banggood.com/LM393-Speed-Sensor-Detection-Speed-Module-For-Arduino-p-970033.html?currency=AUD&utm_source=myshopping&utm_medium=cpc&utm_content=saul&utm_campaign=xie-AU)}}
 }

@MISC{FBD,
  author = {},
  title = {Electric curcuit;Free body diagram of DC motor},
  year = {},
  howpublished = {\url{http://pubs.sciepub.com/ajme/1/1/1/image/fig3.png}}
 }

@MISC{DDO,
  author = {},
  title = {Differential Drive Overview},
  year = {},
  howpublished = {\url{http://www.scielo.org.ar/img/revistas/laar/v38n4/a01g19.png}}
 }

@MISC{NonHB,
  author = {},
  title = {Nonholonomic Behavior in Robotic Systems},
  year = {},
  howpublished = {\url{http://www.cds.caltech.edu/~murray/books/MLS/pdf/mls94-nonholo_v1_2.pdf}}
 }

@MISC{PID,
  author = {},
  title = {PID Control in mobile robotics},
  year = {},
  howpublished = {\url{http://letsmakerobots.com/node/865}}
 }

@MISC{sysmodule,
  author = {},
  title = {Sys module library},
  year = {},
  howpublished = {\url{http://effbot.org/librarybook/sys.htm}}
 }

@MISC{timemodule ,
  author = {},
  title = {Time module library},
  year = {},
  howpublished = {\url{http://effbot.org/librarybook/time.htm}}
 }

